<record><leader>00000cas a2200000 a 4500</leader><controlfield tag="001">30889149</controlfield><controlfield tag="007">hd afu---baca</controlfield><controlfield tag="008">940805c18939999nbuwr nea     0    0eng c</controlfield><datafield ind1=" " ind2=" " tag="010"><subfield code="a">sn 94056564 </subfield></datafield><datafield ind1=" " ind2=" " tag="040"><subfield code="a">NVG</subfield><subfield code="b">eng</subfield><subfield code="c">NVG</subfield><subfield code="d">DLC</subfield><subfield code="d">NVG</subfield><subfield code="d">OCLCQ</subfield><subfield code="d">OCLCF</subfield><subfield code="d">OCLCO</subfield></datafield><datafield ind1="1" ind2=" " tag="029"><subfield code="a">AU@</subfield><subfield code="b">000011276850</subfield></datafield><datafield ind1=" " ind2=" " tag="042"><subfield code="a">pcc</subfield></datafield><datafield ind1=" " ind2=" " tag="043"><subfield code="a">n-us-nb</subfield></datafield><datafield ind1="0" ind2="4" tag="245"><subfield code="a">The Ord quiz</subfield><subfield code="h">[microform].</subfield></datafield><datafield ind1=" " ind2=" " tag="260"><subfield code="a">Ord, Neb. :</subfield><subfield code="b">W.W. Haskell,</subfield><subfield code="c">1893-</subfield></datafield><datafield ind1=" " ind2=" " tag="300"><subfield code="a">v.</subfield></datafield><datafield ind1=" " ind2=" " tag="310"><subfield code="a">Weekly</subfield></datafield><datafield ind1="0" ind2=" " tag="362"><subfield code="a">Vol. 12, no. 1 (Apr. 7, 1893)-</subfield></datafield><datafield ind1=" " ind2=" " tag="580"><subfield code="a">Absorbed : Prohibition star, 1887; Valley County times, Nov. 1901; Ord journal (Ord, Neb. : 1918), Jan. 1, 1929; Ord observer, Mar. 10, 1932; Arcadian (Arcadia, Neb.), Mar. 4, 1943; and: North Loup loyalist (North Loup, Neb. : 1915), Mar. 18, 1943.</subfield></datafield><datafield ind1=" " ind2=" " tag="533"><subfield code="a">Microfilm.</subfield><subfield code="b">Wooster, Ohio :</subfield><subfield code="c">Bell &amp; Howell.</subfield><subfield code="e">36 microfilm reels ; 35 mm.</subfield></datafield><datafield ind1=" " ind2="0" tag="651"><subfield code="a">Valley County (Neb.)</subfield><subfield code="v">Newspapers.</subfield></datafield><datafield ind1=" " ind2="7" tag="655"><subfield code="a">Newspapers.</subfield><subfield code="2">fast</subfield><subfield code="0">(OCoLC)fst01423814</subfield></datafield><datafield ind1=" " ind2="7" tag="651"><subfield code="a">Nebraska</subfield><subfield code="z">Valley County.</subfield><subfield code="2">fast</subfield><subfield code="0">(OCoLC)fst01233525</subfield></datafield><datafield ind1=" " ind2=" " tag="752"><subfield code="a">United States</subfield><subfield code="b">Nebraska</subfield><subfield code="c">Valley</subfield><subfield code="d">Ord.</subfield></datafield><datafield ind1="0" ind2="0" tag="780"><subfield code="t">Ord weekly quiz</subfield><subfield code="w">(DLC)sn 94056563</subfield></datafield><datafield ind1="1" ind2="5" tag="780"><subfield code="t">Prohibition star</subfield></datafield><datafield ind1="1" ind2="5" tag="780"><subfield code="t">Valley County times</subfield><subfield code="w">(DLC)sn 94056575</subfield></datafield><datafield ind1="1" ind2="5" tag="780"><subfield code="t">Ord journal (Ord, Neb. : 1918)</subfield><subfield code="w">(DLC)sn 94056573</subfield></datafield><datafield ind1="1" ind2="5" tag="780"><subfield code="t">Ord observer</subfield><subfield code="w">(DLC)sn 94056578</subfield></datafield><datafield ind1="1" ind2="5" tag="780"><subfield code="t">Arcadian (Arcadia, Neb.)</subfield><subfield code="w">(DLC)sn 94056568</subfield></datafield><datafield ind1="1" ind2="5" tag="780"><subfield code="t">North Loup loyalist (North Loup, Neb. : 1915)</subfield><subfield code="w">(DLC)sn 95070081</subfield></datafield></record>